@inproceedings{chum2012fast,
	title={Fast computation of min-hash signatures for image collections},
	author={Chum, Ond{\v{r}}ej and Matas, Ji{\v{r}}{\'\i}},
	booktitle={Computer Vision and Pattern Recognition (CVPR), 2012 IEEE Conference on},
	pages={3077--3084},
	year={2012},
	organization={IEEE}
}